<?xml version="1.0" encoding="UTF-8"?><collection xmlns="http://www.loc.gov/MARC21/slim"><record><leader>00688nam--2200205-i-4500</leader><controlfield tag="001">000045527</controlfield><controlfield tag="002">20161230</controlfield><controlfield tag="005">20161230201045</controlfield><controlfield tag="008">060222s1000------------r-----000-0-eng-d</controlfield><datafield ind1=" " ind2=" " tag="020"><subfield code="a">354017320X</subfield></datafield><datafield ind1=" " ind2=" " tag="040"><subfield code="a">IFIN-HH</subfield></datafield><datafield ind1=" " ind2=" " tag="080"><subfield code="a">621.375.826(061.3)</subfield></datafield><datafield ind1="1" ind2=" " tag="100"><subfield code="a">Budgor,A.B./S.A.</subfield></datafield><datafield ind1="1" ind2="0" tag="245"><subfield code="a">Tunable solid-state lasers ii</subfield><subfield code="b">Proceedings of the osa topical meeting, rippling river resort, zigzag, oregon, june 4-6, 1986</subfield><subfield code="c">A.B. BUDGOR; L. ESTEROWITZ; L.G. DESHAZER (Eds.)</subfield></datafield><datafield ind1=" " ind2=" " tag="260"><subfield code="a">TOKYO</subfield><subfield code="b">Springer-verlag</subfield><subfield code="c">1986</subfield></datafield><datafield ind1=" " ind2=" " tag="300"><subfield code="a">XI+368P</subfield></datafield><datafield ind1=" " ind2=" " tag="490"><subfield code="a">Springer Series In Optical Sciences</subfield><subfield code="v">Vol. 52</subfield></datafield><datafield ind1="1" ind2=" " tag="700"><subfield code="a">Deshazer, L.G</subfield><subfield code="e">Ed</subfield></datafield><datafield ind1=" " ind2=" " tag="852"><subfield code="a">44207</subfield><subfield code="c">535</subfield></datafield><datafield ind1=" " ind2=" " tag="CAT"><subfield code="a">Sys</subfield><subfield code="c">20101117</subfield><subfield code="h">151345</subfield></datafield></record></collection>